@inbook{OperatingSystems,
    author = {Abraham Silberschatz, Peter Baer Galvin, and Greg Gagne},
    title = {Operating System Concepts},
    publisher = {Wiley},
    %volume = {?_volume},
    %number = {?_number},
    %series = {?_series},
    %address = {?_address},
    edition = {Tenth},
    year = {2018},
    %month = {?_month},
    %note = {?_note},
    chapter = {5},
    pages = {202 - 214}
}
@misc{HRRN,
    author = {GeeksforGeeks},
    title = {Highest Response Ratio Next (HRRN) CPU Scheduling},
    year = {2025},
    month = {Jan}
}
